% Encoding: UTF-8

@Book{Crank1987,
  title     = {Free and Moving Boundary Problems},
  publisher = {OUP Oxford},
  year      = {1987},
  author    = {Crank, John},
  isbn      = {0198533705},
  date      = {1987-02-05},
  ean       = {9780198533702},
  pagetotal = {436},
}

@Article{Zheng2014,
  author    = {Y.F. Zheng and X.N. Gu and F. Witte},
  title     = {Biodegradable metals},
  journal   = {Materials Science and Engineering: R: Reports},
  year      = {2014},
  volume    = {77},
  pages     = {1--34},
  month     = {mar},
  doi       = {10.1016/j.mser.2014.01.001},
  file      = {:1-s2.0-S0927796X14000023-main.pdf:PDF},
  keywords  = {rank5},
  publisher = {Elsevier {BV}},
}

@Article{Chen2014,
  author    = {Yongjun Chen and Zhigang Xu and Christopher Smith and Jag Sankar},
  title     = {Recent advances on the development of magnesium alloys for biodegradable implants},
  journal   = {Acta Biomaterialia},
  year      = {2014},
  volume    = {10},
  number    = {11},
  pages     = {4561--4573},
  month     = {nov},
  doi       = {10.1016/j.actbio.2014.07.005},
  file      = {:1-s2.0-S1742706114002992-main.pdf:PDF},
  groups    = {Review},
  publisher = {Elsevier {BV}},
}

@Article{Zhao2017,
  author    = {Dewei Zhao and Frank Witte and Faqiang Lu and Jiali Wang and Junlei Li and Ling Qin},
  title     = {Current status on clinical applications of magnesium-based orthopaedic implants: A review from clinical translational perspective},
  journal   = {Biomaterials},
  year      = {2017},
  volume    = {112},
  pages     = {287--302},
  month     = {jan},
  doi       = {10.1016/j.biomaterials.2016.10.017},
  file      = {:1-s2.0-S0142961216305580-main.pdf:PDF},
  groups    = {Review},
  publisher = {Elsevier {BV}},
}

@Book{Grindrod1996,
  title     = {The theory and applications of reaction-diffusion equations : patterns and waves},
  publisher = {Oxford University Press},
  year      = {1996},
  author    = {Peter Grindrod},
}

@Book{RonaldFedkiw2002,
  title     = {Level Set Methods and Dynamic Implicit Surfaces},
  publisher = {Springer New York},
  year      = {2002},
  author    = {Ronald Fedkiw, Stanley Osher},
  isbn      = {0387954821},
  date      = {2002-10-31},
  ean       = {9780387954820},
  pagetotal = {308},
}

@Article{Scheiner2007,
  author    = {S. Scheiner and C. Hellmich},
  title     = {Stable pitting corrosion of stainless steel as diffusion-controlled dissolution process with a sharp moving electrode boundary},
  journal   = {Corrosion Science},
  year      = {2007},
  volume    = {49},
  number    = {2},
  pages     = {319--346},
  month     = {feb},
  doi       = {10.1016/j.corsci.2006.03.019},
  publisher = {Elsevier {BV}},
}

@Article{Russo2000,
  author    = {Giovanni Russo and Peter Smereka},
  title     = {A Remark on Computing Distance Functions},
  journal   = {Journal of Computational Physics},
  year      = {2000},
  volume    = {163},
  number    = {1},
  pages     = {51--67},
  month     = {sep},
  doi       = {10.1006/jcph.2000.6553},
  publisher = {Elsevier {BV}},
}

@Article{Hecht2012,
  author   = {Hecht, F.},
  title    = {New development in FreeFem++},
  journal  = {J. Numer. Math.},
  year     = {2012},
  volume   = {20},
  number   = {3-4},
  pages    = {251--265},
  issn     = {1570-2820},
  doi      = {10.1515/jnum-2012-0013},
  fjournal = {Journal of Numerical Mathematics},
  mrclass  = {65Y15},
  mrnumber = {3043640},
  url      = {https://freefem.org/},
}

@article{MUMPS1,
   author  = {P. R. Amestoy and I. S. Duff and J. Koster and J.-Y. L'Excellent},
   title   = {A Fully Asynchronous Multifrontal Solver Using Distributed Dynamic Scheduling},
   journal = {SIAM Journal on Matrix Analysis and Applications},
   volume  = {23},
   number  = {1},
   year    = {2001},
   pages   = {15-41},
   doi={10.1137/S0895479899358194}
 }


@article{MUMPS2,
   author  = {P. R. Amestoy and A. Guermouche and J.-Y. L'Excellent and S. Pralet},
   title   = {Hybrid scheduling for the parallel solution of linear systems},
   journal = {Parallel Computing},
   volume  = {32},
   number  = {2},
   year    = {2006},
   pages   = {136-156},
   doi={10.1016/j.parco.2005.07.004}
}

@Article{Schoeberl1997,
  author    = {Joachim Schöberl},
  title     = {{NETGEN} An advancing front 2D/3D-mesh generator based on abstract rules},
  journal   = {Computing and Visualization in Science},
  year      = {1997},
  volume    = {1},
  number    = {1},
  pages     = {41--52},
  month     = {jul},
  doi       = {10.1007/s007910050004},
  publisher = {Springer Science and Business Media {LLC}},
}

@InProceedings{Ribes2007,
  author    = {Andre Ribes and Christian Caremoli},
  title     = {Salome platform component model for numerical simulation},
  booktitle = {31st Annual International Computer Software and Applications Conference - Vol. 2 - ({COMPSAC} 2007)},
  year      = {2007},
  month     = {jul},
  publisher = {{IEEE}},
  doi       = {10.1109/compsac.2007.185},
}

@Article{Gao2018,
  author    = {Yuanming Gao and Lizhen Wang and Xuenan Gu and Zhaowei Chu and Meng Guo and Yubo Fan},
  title     = {A quantitative study on magnesium alloy stent biodegradation},
  journal   = {Journal of Biomechanics},
  year      = {2018},
  volume    = {74},
  pages     = {98--105},
  month     = {jun},
  doi       = {10.1016/j.jbiomech.2018.04.027},
  publisher = {Elsevier {BV}},
}

@Article{Gastaldi2011,
  author    = {D. Gastaldi and V. Sassi and L. Petrini and M. Vedani and S. Trasatti and F. Migliavacca},
  title     = {Continuum damage model for bioresorbable magnesium alloy devices {\textemdash} Application to coronary stents},
  journal   = {Journal of the Mechanical Behavior of Biomedical Materials},
  year      = {2011},
  volume    = {4},
  number    = {3},
  pages     = {352--365},
  month     = {apr},
  doi       = {10.1016/j.jmbbm.2010.11.003},
  publisher = {Elsevier {BV}},
}

@Article{Wilder2014,
  author    = {Joseph W. Wilder and Curtis Clemons and Dmitry Golovaty and Kevin L. Kreider and Gerald W. Young and R. Scott Lillard},
  title     = {An adaptive level set approach for modeling damage due to galvanic corrosion},
  journal   = {Journal of Engineering Mathematics},
  year      = {2014},
  volume    = {91},
  number    = {1},
  pages     = {121--142},
  month     = {nov},
  doi       = {10.1007/s10665-014-9732-3},
  publisher = {Springer Science and Business Media {LLC}},
}

@Article{Grogan2014,
  author    = {J.A. Grogan and S.B. Leen and P.E. McHugh},
  title     = {A physical corrosion model for bioabsorbable metal stents},
  journal   = {Acta Biomaterialia},
  year      = {2014},
  volume    = {10},
  number    = {5},
  pages     = {2313--2322},
  month     = {may},
  doi       = {10.1016/j.actbio.2013.12.059},
  publisher = {Elsevier {BV}},
}

@Article{Bajger2016,
  author    = {P. Bajger and J. M. A. Ashbourn and V. Manhas and Y. Guyot and K. Lietaert and L. Geris},
  title     = {Mathematical modelling of the degradation behaviour of biodegradable metals},
  journal   = {Biomechanics and Modeling in Mechanobiology},
  year      = {2016},
  volume    = {16},
  number    = {1},
  pages     = {227--238},
  month     = {aug},
  doi       = {10.1007/s10237-016-0812-3},
  publisher = {Springer Nature},
}

@Article{Mei2019,
  author    = {Di Mei and Sviatlana V. Lamaka and Jorge Gonzalez and Frank Feyerabend and Regine Willumeit-Römer and Mikhail L. Zheludkevich},
  title     = {The role of individual components of simulated body fluid on the corrosion behavior of commercially pure Mg},
  journal   = {Corrosion Science},
  year      = {2019},
  volume    = {147},
  pages     = {81--93},
  month     = {feb},
  doi       = {10.1016/j.corsci.2018.11.011},
  file      = {:1-s2.0-S0010938X18312010-main.pdf:PDF},
  groups    = {Design & Behaviour},
  keywords  = {rank5},
  publisher = {Elsevier {BV}},
}

@InProceedings{Amdahl1967,
  author    = {Gene M. Amdahl},
  title     = {Validity of the single processor approach to achieving large scale computing capabilities},
  booktitle = {Proceedings of the April 18-20, 1967, spring joint computer conference on - {AFIPS}' 67 (Spring)},
  year      = {1967},
  publisher = {{ACM} Press},
  doi       = {10.1145/1465482.1465560},
}

@Article{Gustafson1988,
  author    = {John L. Gustafson},
  title     = {Reevaluating Amdahl's law},
  journal   = {Communications of the {ACM}},
  year      = {1988},
  volume    = {31},
  number    = {5},
  pages     = {532--533},
  month     = {may},
  doi       = {10.1145/42411.42415},
  publisher = {Association for Computing Machinery ({ACM})},
}

@article{Ahrens2005,
  title={Paraview: An end-user tool for large data visualization},
  author={Ahrens, James and Geveci, Berk and Law, Charles},
  journal={The visualization handbook},
  volume={717},
  year={2005},
  publisher={Elsevier}
}

@Article{Chen2017,
  author    = {Weiliang Chen and Erik De Schutter},
  title     = {Parallel {STEPS}: Large Scale Stochastic Spatial Reaction-Diffusion Simulation with High Performance Computers},
  journal   = {Frontiers in Neuroinformatics},
  year      = {2017},
  volume    = {11},
  month     = {feb},
  doi       = {10.3389/fninf.2017.00013},
  publisher = {Frontiers Media {SA}},
}

@Article{Arjunan2020,
  author    = {Satya N.V. Arjunan and Atsushi Miyauchi and Kazunari Iwamoto and Koichi Takahashi},
  title     = {{pSpatiocyte}: a high-performance simulator for intracellular reaction-diffusion systems},
  journal   = {{BMC} Bioinformatics},
  year      = {2020},
  volume    = {21},
  number    = {1},
  month     = {jan},
  doi       = {10.1186/s12859-019-3338-8},
  publisher = {Springer Science and Business Media {LLC}},
}

@Article{Hallock2014,
  author    = {Michael J. Hallock and John E. Stone and Elijah Roberts and Corey Fry and Zaida Luthey-Schulten},
  title     = {Simulation of reaction diffusion processes over biologically relevant size and time scales using multi-{GPU} workstations},
  journal   = {Parallel Computing},
  year      = {2014},
  volume    = {40},
  number    = {5-6},
  pages     = {86--99},
  month     = {may},
  doi       = {10.1016/j.parco.2014.03.009},
  publisher = {Elsevier {BV}},
}

@Article{Badri2018,
  author    = {M.A. Badri and P. Jolivet and B. Rousseau and Y. Favennec},
  title     = {High performance computation of radiative transfer equation using the finite element method},
  journal   = {Journal of Computational Physics},
  year      = {2018},
  volume    = {360},
  pages     = {74--92},
  month     = {may},
  doi       = {10.1016/j.jcp.2018.01.027},
  publisher = {Elsevier {BV}},
}

@Misc{petsc,
       author = {Satish Balay and Shrirang Abhyankar and Mark~F. Adams and Jed Brown and Peter Brune
                 and Kris Buschelman and Lisandro Dalcin and Alp Dener and Victor Eijkhout and William~D. Gropp
                 and Dmitry Karpeyev and Dinesh Kaushik and Matthew~G. Knepley and Dave~A. May and Lois Curfman McInnes
                 and Richard Tran Mills and Todd Munson and Karl Rupp and Patrick Sanan
                 and Barry~F. Smith and Stefano Zampini and Hong Zhang and Hong Zhang},
       title =  {{PETS}c {W}eb page},
       url =    {https://www.mcs.anl.gov/petsc},
       howpublished = {\url{https://www.mcs.anl.gov/petsc}},
       year = {2019}
}

@inproceedings{Daas2019AMS,
  title={A Multilevel Schwarz Preconditioner Based on a Hierarchy of Robust Coarse Spaces},
  author={Hussam Al Daas and Laura Grigori and Pierre Jolivet and Pierre-Henri Tournier},
  year={2019}
}

@book{Dolean2015,
author = {Dolean, Victorita and Jolivet, Pierre and Nataf, Frédéric},
title = {An Introduction to Domain Decomposition Methods},
publisher = {Society for Industrial and Applied Mathematics},
year = {2015},
doi = {10.1137/1.9781611974065},
address = {Philadelphia, PA},
edition   = {},
URL = {https://epubs.siam.org/doi/abs/10.1137/1.9781611974065},
eprint = {https://epubs.siam.org/doi/pdf/10.1137/1.9781611974065}
}

@inproceedings{Jolivet2013,
author = {Jolivet, Pierre and Hecht, Fr\'{e}d\'{e}ric and Nataf, Fr\'{e}d\'{e}ric and Prud’homme, Christophe},
title = {Scalable Domain Decomposition Preconditioners for Heterogeneous Elliptic Problems},
year = {2013},
isbn = {9781450323789},
publisher = {Association for Computing Machinery},
address = {New York, NY, USA},
url = {https://doi.org/10.1145/2503210.2503212},
doi = {10.1145/2503210.2503212},
booktitle = {Proceedings of the International Conference on High Performance Computing, Networking, Storage and Analysis},
articleno = {Article 80},
numpages = {11},
keywords = {divide and conquer, linear solvers, scalability},
location = {Denver, Colorado},
series = {SC ’13}
}

@article{METIS1998,
author = {Karypis, George and Kumar, Vipin},
title = {A Fast and High Quality Multilevel Scheme for Partitioning Irregular Graphs},
year = {1998},
issue_date = {December 1998},
publisher = {Society for Industrial and Applied Mathematics},
address = {USA},
volume = {20},
number = {1},
issn = {1064-8275},
journal = {SIAM J. Sci. Comput.},
month = dec,
pages = {359–392},
numpages = {34},
keywords = {parallel computations, fill-reducing orderings, graph partitioning, finite element computations}
}

@article{Saad1986,
author = {Saad, Youcef and Schultz, Martin H.},
title = {GMRES: A Generalized Minimal Residual Algorithm for Solving Nonsymmetric Linear Systems},
journal = {SIAM Journal on Scientific and Statistical Computing},
volume = {7},
number = {3},
pages = {856-869},
year = {1986},
doi = {10.1137/0907058},
URL = {
        https://doi.org/10.1137/0907058
},
eprint = {
        https://doi.org/10.1137/0907058
}
}

@Book{Saad2003,
  title     = {Iterative Methods for Sparse Linear Systems},
  publisher = {Society for Industrial and Applied Mathematics},
  year      = {2003},
  author    = {Yousef Saad},
  month     = {jan},
  doi       = {10.1137/1.9780898718003},
}

@Article{Ipsen1998,
  author    = {Ilse C. F. Ipsen and Carl D. Meyer},
  title     = {The Idea Behind Krylov Methods},
  journal   = {The American Mathematical Monthly},
  year      = {1998},
  volume    = {105},
  number    = {10},
  pages     = {889--899},
  month     = {dec},
  doi       = {10.1080/00029890.1998.12004985},
  publisher = {Informa {UK} Limited},
}


@InCollection{Falgout2002,
  author    = {Robert D. Falgout and Ulrike Meier Yang},
  title     = {hypre: A Library of High Performance Preconditioners},
  booktitle = {Lecture Notes in Computer Science},
  publisher = {Springer Berlin Heidelberg},
  year      = {2002},
  pages     = {632--641},
  doi       = {10.1007/3-540-47789-666},
}

@Article{Liu2018,
  author    = {Dexue Liu and Shiwen Hu and Xunyan Yin and Jianjun Liu and Zhi Jia and Qinglin Li},
  title     = {Degradation mechanism of magnesium alloy stent under simulated human micro-stress environment},
  journal   = {Materials Science and Engineering: C},
  year      = {2018},
  volume    = {84},
  pages     = {263--270},
  month     = {mar},
  doi       = {10.1016/j.msec.2017.12.001},
  publisher = {Elsevier {BV}},
}

@Article{Ahmed2017,
  author    = {Safia Ahmed and John Ward and Yang Liu},
  title     = {Numerical Modelling of Effects of Biphasic Layers of Corrosion Products to the Degradation of Magnesium Metal In Vitro},
  journal   = {Materials},
  year      = {2017},
  volume    = {11},
  number    = {1},
  pages     = {1},
  month     = {dec},
  doi       = {10.3390/ma11010001},
  file      = {:materials-11-00001.pdf:PDF},
  groups    = {Modeling},
  publisher = {{MDPI} {AG}},
}

@Article{Shen2019,
  author    = {Zhenquan Shen and Ming Zhao and Dong Bian and Danni Shen and Xiaochen Zhou and Jianing Liu and Yang Liu and Hui Guo and Yufeng Zheng},
  title     = {Predicting the degradation behavior of magnesium alloys with a diffusion-based theoretical model and in vitro corrosion testing},
  journal   = {Journal of Materials Science {\&} Technology},
  year      = {2019},
  volume    = {35},
  number    = {7},
  pages     = {1393--1402},
  month     = {jul},
  doi       = {10.1016/j.jmst.2019.02.004},
  file      = {:1-s2.0-S1005030219300386-main.pdf:PDF},
  groups    = {Modeling},
  keywords  = {rank2},
  publisher = {Elsevier {BV}},
}

@Article{Sun2012,
  author    = {Wen Sun and Guichang Liu and Lida Wang and Tingting Wu and Yang Liu},
  title     = {An arbitrary Lagrangian{\textendash}Eulerian model for studying the influences of corrosion product deposition on bimetallic corrosion},
  journal   = {Journal of Solid State Electrochemistry},
  year      = {2012},
  volume    = {17},
  number    = {3},
  pages     = {829--840},
  month     = {nov},
  doi       = {10.1007/s10008-012-1935-9},
  file      = {:Sun2013_Article_AnArbitraryLagrangianEulerianM.pdf:PDF},
  groups    = {Modeling},
  publisher = {Springer Nature},
}

@Article{Sanz-Herrera2018,
  author    = {J.A. Sanz-Herrera and E. Reina-Romo and A.R. Boccaccini},
  title     = {In silico design of magnesium implants: Macroscopic modeling},
  journal   = {Journal of the Mechanical Behavior of Biomedical Materials},
  year      = {2018},
  volume    = {79},
  pages     = {181--188},
  month     = {mar},
  doi       = {10.1016/j.jmbbm.2017.12.016},
  file      = {:1-s2.0-S1751616117305593-main.pdf:PDF},
  groups    = {Modeling},
  publisher = {Elsevier {BV}},
}

@article{wang2008,
  title={A phenomenological model for the degradation of biodegradable polymers},
  author={Wang, Ying and Pan, Jingzhe and Han, Xiaoxiao and Sinka, Csaba and Ding, Lifeng},
  journal={Biomaterials},
  volume={29},
  number={23},
  pages={3393--3401},
  year={2008},
  publisher={Elsevier}
}

@Article{Mei2020,
  author    = {Di Mei and Sviatlana V. Lamaka and Xiaopeng Lu and Mikhail L. Zheludkevich},
  title     = {Selecting medium for corrosion testing of bioabsorbable magnesium and other metals {\textendash} A critical review},
  journal   = {Corrosion Science},
  year      = {2020},
  volume    = {171},
  pages     = {108722},
  month     = {jul},
  doi       = {10.1016/j.corsci.2020.108722},
  publisher = {Elsevier {BV}},
}

@Article{Barzegari2020arXiv,
  author      = {Mojtaba Barzegari and Liesbet Geris},
  title       = {Highly scalable numerical simulation of coupled reaction-diffusion systems with moving interfaces},
  date        = {2020-08-25},
  eprint      = {http://arxiv.org/abs/2008.11057v1},
  eprintclass = {cs.CE},
  eprinttype  = {arXiv},
  file        = {:http\://arxiv.org/pdf/2008.11057v1:PDF},
  keywords    = {cs.CE},
}

@Book{Mockus1989,
  title     = {Bayesian Approach to Global Optimization},
  publisher = {Springer Netherlands},
  year      = {1989},
  author    = {Jonas Mockus},
  doi       = {10.1007/978-94-009-0909-0},
}

@Article{Mehrian2017,
  author    = {Mohammad Mehrian and Yann Guyot and Ioannis Papantoniou and Simon Olofsson and Maarten Sonnaert and Ruth Misener and Liesbet Geris},
  title     = {Maximizing neotissue growth kinetics in a perfusion bioreactor: An in silico strategy using model reduction and Bayesian optimization},
  journal   = {Biotechnology and Bioengineering},
  year      = {2017},
  volume    = {115},
  number    = {3},
  pages     = {617--629},
  month     = {dec},
  doi       = {10.1002/bit.26500},
  publisher = {Wiley},
}

@Article{Lee2011,
  author    = {Song Hi Lee and Jayendran C. Rasaiah},
  title     = {Proton transfer and the mobilities of the {H}+ and {OH}- ions from studies of a dissociating model for water},
  journal   = {The Journal of Chemical Physics},
  year      = {2011},
  volume    = {135},
  number    = {12},
  pages     = {124505},
  month     = {sep},
  doi       = {10.1063/1.3632990},
  publisher = {{AIP} Publishing},
}

@Book{GrahamC.Hill2001,
  title     = {Chemistry in Context - Laboratory Manual},
  publisher = {Oxford University Press},
  year      = {2001},
  author    = {Graham C. Hill, John S. Holman},
  isbn      = {0174483074},
  date      = {2001-07-23},
  ean       = {9780174483076},
  pagetotal = {160},
}

@Book{Grathwohl1998,
  title     = {Diffusion in Natural Porous Media: Contaminant Transport, Sorption/Desorption and Dissolution Kinetics},
  publisher = {Springer {US}},
  year      = {1998},
  author    = {Peter Grathwohl},
  doi       = {10.1007/978-1-4615-5683-1},
}

@article{Qin2019,
title = "Additive manufacturing of biodegradable metals: Current research status and future perspectives",
journal = "Acta Biomaterialia",
volume = "98",
pages = "3 - 22",
year = "2019",
doi = "10.1016/j.actbio.2019.04.046",
author = "Yu Qin and Peng Wen and Hui Guo and Dandan Xia and Yufeng Zheng and Lucas Jauer and Reinhart Poprawe and Maximilian Voshage and Johannes Henrich Schleifenbaum",
keywords = "Biodegradable metals, Additive manufacturing, Magnesium, Iron, Zinc",
}

@Article{Riaz2018,
  author    = {Usman Riaz and Ishraq Shabib and Waseem Haider},
  title     = {The current trends of Mg alloys in biomedical applications{\textemdash}A review},
  journal   = {Journal of Biomedical Materials Research Part B: Applied Biomaterials},
  year      = {2018},
  month     = {dec},
  doi       = {10.1002/jbm.b.34290},
  file      = {:Riaz_et_al-2018-Journal_of_Biomedical_Materials_Research_Part_B__Applied_Biomaterials.pdf:PDF},
  groups    = {Review},
  publisher = {Wiley},
}

@Article{Xin2008,
  author    = {Yunchang Xin and Kaifu Huo and Hu Tao and Guoyi Tang and Paul K. Chu},
  title     = {Influence of aggressive ions on the degradation behavior of biomedical magnesium alloy in physiological environment},
  journal   = {Acta Biomaterialia},
  year      = {2008},
  volume    = {4},
  number    = {6},
  pages     = {2008--2015},
  month     = {nov},
  doi       = {10.1016/j.actbio.2008.05.014},
  publisher = {Elsevier {BV}},
}

@Article{Boland2015,
  author    = {Enda L. Boland and Rosa Shine and Nicola Kelly and Caoimhe A. Sweeney and Peter E. McHugh},
  title     = {A Review of Material Degradation Modelling for the Analysis and Design of Bioabsorbable Stents},
  journal   = {Annals of Biomedical Engineering},
  year      = {2015},
  volume    = {44},
  number    = {2},
  pages     = {341--356},
  month     = {aug},
  doi       = {10.1007/s10439-015-1413-5},
  publisher = {Springer Science and Business Media {LLC}},
}

@Article{Abdalla2020,
  author    = {Moataz Abdalla and Alexander Joplin and Mohammad Elahinia and Hamdy Ibrahim},
  title     = {Corrosion Modeling of Magnesium and Its Alloys for Biomedical Applications: Review},
  journal   = {Corrosion and Materials Degradation},
  year      = {2020},
  volume    = {1},
  number    = {2},
  pages     = {219--248},
  month     = {jul},
  doi       = {10.3390/cmd1020011},
  publisher = {{MDPI} {AG}},
}

@Article{Song1999,
  author    = {G. L. Song and A. Atrens},
  title     = {Corrosion Mechanisms of Magnesium Alloys},
  journal   = {Advanced Engineering Materials},
  year      = {1999},
  volume    = {1},
  number    = {1},
  pages     = {11--33},
  month     = {sep},
  doi       = {10.1002/(sici)1527-2648(199909)1:1<11::aid-adem11>3.0.co;2-n},
  publisher = {Wiley},
}

@Article{Deshpande2011,
  author    = {Kiran B. Deshpande},
  title     = {Numerical modeling of micro-galvanic corrosion},
  journal   = {Electrochimica Acta},
  year      = {2011},
  volume    = {56},
  number    = {4},
  pages     = {1737--1745},
  month     = {jan},
  doi       = {10.1016/j.electacta.2010.09.044},
  publisher = {Elsevier {BV}},
}

@Article{Gartzke2020,
  author    = {Ann-Kathrin Gartzke and Stefan Julmi and Christian Klose and Anja-Christina Waselau and Andrea Meyer-Lindenberg and Hans Jürgen Maier and Silke Besdo and Peter Wriggers},
  title     = {A simulation model for the degradation of magnesium-based bone implants},
  journal   = {Journal of the Mechanical Behavior of Biomedical Materials},
  year      = {2020},
  volume    = {101},
  pages     = {103411},
  month     = {jan},
  doi       = {10.1016/j.jmbbm.2019.103411},
  publisher = {Elsevier {BV}},
}

@Article{Mei2019a,
  author    = {Di Mei and Sviatlana V. Lamaka and Christian Feiler and Mikhail L. Zheludkevich},
  title     = {The effect of small-molecule bio-relevant organic components at low concentration on the corrosion of commercially pure Mg and Mg-0.8Ca alloy: An overall perspective},
  journal   = {Corrosion Science},
  year      = {2019},
  volume    = {153},
  pages     = {258--271},
  month     = {jun},
  doi       = {10.1016/j.corsci.2019.03.039},
  publisher = {Elsevier {BV}},
}

@Article{Wang2020,
  author    = {Cheng Wang and Di Mei and Gert Wiese and Linqian Wang and Min Deng and Sviatlana V. Lamaka and Mikhail L. Zheludkevich},
  title     = {High rate oxygen reduction reaction during corrosion of ultra-high-purity magnesium},
  journal   = {npj Materials Degradation},
  year      = {2020},
  volume    = {4},
  number    = {1},
  month     = {dec},
  doi       = {10.1038/s41529-020-00146-1},
  publisher = {Springer Science and Business Media {LLC}},
}

@Article{Strebl2020,
  author    = {M. Strebl and M. Bruns and S. Virtanen},
  title     = {Editors' Choice{\textemdash}Respirometric in Situ Methods for Real-Time Monitoring of Corrosion Rates: Part I. Atmospheric Corrosion},
  journal   = {Journal of The Electrochemical Society},
  year      = {2020},
  volume    = {167},
  number    = {2},
  pages     = {021510},
  month     = {jan},
  doi       = {10.1149/1945-7111/ab6c61},
  publisher = {The Electrochemical Society},
}

@Article{Silva2018,
  author    = {Eduardo L. Silva and Sviatlana V. Lamaka and Di Mei and Mikhail L. Zheludkevich},
  title     = {The Reduction of Dissolved Oxygen During Magnesium Corrosion},
  journal   = {{ChemistryOpen}},
  year      = {2018},
  volume    = {7},
  number    = {8},
  pages     = {664--668},
  month     = {aug},
  doi       = {10.1002/open.201800076},
  publisher = {Wiley},
}

@Article{Hoeche2014,
  author    = {Daniel Höche},
  title     = {Simulation of Corrosion Product Deposit Layer Growth on Bare Magnesium Galvanically Coupled to Aluminum},
  journal   = {Journal of The Electrochemical Society},
  year      = {2014},
  volume    = {162},
  number    = {1},
  pages     = {C1--C11},
  month     = {nov},
  doi       = {10.1149/2.0071501jes},
  publisher = {The Electrochemical Society},
}

@Article{Santucci2018,
  author    = {R. J. Santucci and M. E. McMahon and J. R. Scully},
  title     = {Utilization of chemical stability diagrams for improved understanding of electrochemical systems: evolution of solution chemistry towards equilibrium},
  journal   = {npj Materials Degradation},
  year      = {2018},
  volume    = {2},
  number    = {1},
  month     = {jan},
  doi       = {10.1038/s41529-017-0021-2},
  publisher = {Springer Science and Business Media {LLC}},
}

@Article{Lamaka2018,
  author    = {Sviatlana V. Lamaka and Jorge Gonzalez and Di Mei and Frank Feyerabend and Regine Willumeit-Römer and Mikhail L. Zheludkevich},
  title     = {Local {pH} and Its Evolution Near Mg Alloy Surfaces Exposed to Simulated Body Fluids},
  journal   = {Advanced Materials Interfaces},
  year      = {2018},
  volume    = {5},
  number    = {18},
  pages     = {1800169},
  month     = {jun},
  doi       = {10.1002/admi.201800169},
  publisher = {Wiley},
}

@Article{Dolgikh2019,
  author    = {Olga Dolgikh and Hans Simillion and Sviatlana V. Lamaka and Alexandre C. Bastos and Huibin B. Xue and Maryna G. Taryba and Andre R. Oliveira and Christian All{\'{e}}ly and Bart Van Den Bossche and Krista Van Den Bergh and Joost De Strycker and Johan Deconinck},
  title     = {Corrosion protection of steel cut-edges by hot-dip galvanized Al(Zn,Mg) coatings in 1{\hspace{0.167em}}wt{\%} {NaCl}: Part {II}. Numerical simulations},
  journal   = {Materials and Corrosion},
  year      = {2019},
  volume    = {70},
  number    = {5},
  pages     = {780--792},
  month     = {jan},
  doi       = {10.1002/maco.201810210},
  publisher = {Wiley},
}

@article{Wendland2005,
author = {Wendland, Edson and Schulz, Harry},
year = {2005},
month = {01},
pages = {227-233},
title = {Numerical experiments on mass lumping for the advection-diffusion equation},
volume = {2},
journal = {Pesquisa e Tecnologia Minerva}
}

@Comment{jabref-meta: databaseType:bibtex;}
